<?xml version="1.0" encoding="UTF-8"?><collection xmlns="http://www.loc.gov/MARC21/slim"><record><leader>00470nam--2200145-i-4500</leader><controlfield tag="001">000016329</controlfield><controlfield tag="002">20161230</controlfield><controlfield tag="005">20170221233935</controlfield><controlfield tag="008">060222s1000------------r-----000-0-eng-d</controlfield><datafield ind1=" " ind2=" " tag="100"><subfield code="a">Burnet-Fauchez, Marcel</subfield></datafield><datafield ind1=" " ind2=" " tag="245"><subfield code="a">Etude de l elimination des lacunes retenues en faible sursaturation dans l alliage fernickel a 70% de nickel. These</subfield></datafield><datafield ind1=" " ind2=" " tag="260"><subfield code="a">Grenole</subfield><subfield code="b">Universite Scientifique</subfield><subfield code="c">1971</subfield></datafield><datafield ind1=" " ind2=" " tag="300"><subfield code="a">33 p</subfield></datafield><datafield ind1=" " ind2=" " tag="852"><subfield code="a">548.7:546.3.19(043)</subfield></datafield><datafield ind1=" " ind2=" " tag="CAT"><subfield code="a">SYS</subfield><subfield code="c">20170221</subfield><subfield code="h">233935</subfield></datafield></record></collection>